@Article{LawOH,
author = {C. K. Law},
title = {Interaction between a moving mirror and radiation pressure: A Hamiltonian formulation},
journal = {Physical Review A},
year = {1995},
OPTkey = {•},
OPTvolume = {•},
OPTnumber = {•},
OPTpages = {•},
OPTmonth = {•},
OPTnote = {•},
OPTannote = {•}
}


@Article{KirsonEMT,
author = {Elion D. Kirson et al},
title = {Alternating electric fields arrest cell proliferation in animal tumor models and human brain tumors},
journal = {Proceedings of the National Academy of Science},
year = {2007},
OPTkey = {•},
OPTvolume = {•},
OPTnumber = {•},
OPTpages = {•},
OPTmonth = {•},
OPTnote = {•},
OPTannote = {•}
}


@Article{SalariOC,
author = {V. Salari et al},
title = {Optomechanical proposal for monitoring microtubule mechanical vibrations},
journal = {Physical Review E},
year = {2017},
OPTkey = {•},
OPTvolume = {•},
OPTnumber = {•},
OPTpages = {•},
OPTmonth = {•},
OPTnote = {•},
OPTannote = {•}
}


@Book{BlumDM,
ALTauthor = {•},
ALTeditor = {•},
title = {Density Matrix Theory and Applications},
publisher = {Springer},
year = {2012},
OPTkey = {•},
OPTvolume = {•},
OPTnumber = {•},
OPTseries = {•},
OPTaddress = {•},
OPTedition = {•},
OPTmonth = {•},
OPTnote = {•},
OPTannote = {•}
}




@Article{PinardEMM,
author = {M. Pinard},
title = {Entangling movable mirrors in a double-cavity system},
journal = {Europhysics Letters},
year = {2005},
OPTkey = {•},
OPTvolume = {•},
OPTnumber = {•},
OPTpages = {•},
OPTmonth = {•},
OPTnote = {•},
OPTannote = {•}
}


@Article{ThompsonMMC,
author = {J. D. Thompson},
title = {Strong dispersive coupling of a high-finesse cavity to
a micromechanical membrane},
journal = {Nature},
year = {2008},
OPTkey = {•},
OPTvolume = {•},
OPTnumber = {•},
OPTpages = {•},
OPTmonth = {•},
OPTnote = {•},
OPTannote = {•}
}


@Article{BoseMOD,
author = {S. Bose},
title = {Scheme to probe the decoherence of a macroscopic object},
journal = {Physical Review A},
year = {1999},
OPTkey = {•},
OPTvolume = {•},
OPTnumber = {•},
OPTpages = {•},
OPTmonth = {•},
OPTnote = {•},
OPTannote = {•}
}


@Article{KimbleQI,
author = {H.J. Kimble},
title = {The quantum internet},
journal = {Nautre},
year = {2008},
OPTkey = {•},
OPTvolume = {•},
OPTnumber = {•},
OPTpages = {•},
OPTmonth = {•},
OPTnote = {•},
OPTannote = {•}
}


@Article{ZhangQST,
author = {Jing Zhang},
title = {Quantum-state transfer from light to macroscopic oscillators},
journal = {Physical Review A},
year = {2003},
OPTkey = {•},
OPTvolume = {•},
OPTnumber = {•},
OPTpages = {•},
OPTmonth = {•},
OPTnote = {•},
OPTannote = {•}
}


@Article{ForstnerOM,
author = {S. Forstner},
title = {Cavity Optomechanical Magnetometer},
journal = {Physical Review Letters},
year = {2012},
OPTkey = {•},
OPTvolume = {•},
OPTnumber = {•},
OPTpages = {•},
OPTmonth = {•},
OPTnote = {•},
OPTannote = {•}
}


@Article{BagheriMM,
author = {Mahmood Bagheri},
title = {Dynamic manipulation of nanomechanical
resonators in the high-amplitude regime and
non-volatile mechanical memory operation},
journal = {Nature Nanotechnology},
year = {2011},
OPTkey = {•},
OPTvolume = {•},
OPTnumber = {•},
OPTpages = {•},
OPTmonth = {•},
OPTnote = {•},
OPTannote = {•}
}


@Article{MayerZC,
author = {Thiago P. Mayer Alegre},
title = {Optomechanical zipper cavity lasers:
theoretical analysis of tuning range and
stability},
journal = {Optics Express},
year = {2010},
OPTkey = {•},
OPTvolume = {•},
OPTnumber = {•},
OPTpages = {•},
OPTmonth = {•},
OPTnote = {•},
OPTannote = {•}
}


@Article{DorselOB,
author = {A. Dorsel},
title = {Optical Bistability and Mirror Confinement Induced by Radiation Pressure},
journal = {Physical Review Letters},
year = {1983},
OPTkey = {•},
OPTvolume = {•},
OPTnumber = {•},
OPTpages = {•},
OPTmonth = {•},
OPTnote = {•},
OPTannote = {•}
}


@Article{BraginskyPE,
author = {V. B. Braginsky},
title = {Pondermotive Effects of Electromagnetic Radiation },
journal = {Soviet Physics JEPT},
year = {1968},
OPTkey = {•},
OPTvolume = {•},
OPTnumber = {•},
OPTpages = {•},
OPTmonth = {•},
OPTnote = {•},
OPTannote = {•}
}


@Article{BurekDO,
author = {Michael J. Burek},
title = {Diamond optomechanical crystals},
journal = {Optica},
year = {2016},
OPTkey = {•},
OPTvolume = {•},
OPTnumber = {•},
OPTpages = {•},
OPTmonth = {•},
OPTnote = {•},
OPTannote = {•}
}


@Article{EichenfieldOC,
author = {Matt Eichenfield},
title = {Optomechanical Crystals},
journal = {Nature},
year = {2009},
OPTkey = {•},
OPTvolume = {•},
OPTnumber = {•},
OPTpages = {•},
OPTmonth = {•},
OPTnote = {•},
OPTannote = {•}
}


@Proceedings{EuroSensors2017,
title = {1 Million-Q Optomechanical Microdisk Resonators
with Very Large Scale Integration 
},
year = {2017},
OPTkey = {•},
OPTeditor = {•},
OPTvolume = {•},
OPTnumber = {•},
OPTseries = {•},
OPTaddress = {•},
OPTmonth = {•},
OPTorganization = {•},
OPTpublisher = {•},
OPTnote = {•},
OPTannote = {•}
}


@Article{ChildressLD,
author = {L. Childress},
title = {Cavity Optomechanics in a Levitated Helium Drop
},
journal = {arXiv:1708.01803},
year = {2017},
OPTkey = {•},
OPTvolume = {•},
OPTnumber = {•},
OPTpages = {•},
OPTmonth = {•},
OPTnote = {•},
OPTannote = {•}
}


@Article{ChenED,
author = {Zhi Xin Chen},
title = {Entanglement dynamics in double-cavity optomechanical systems},
journal = {Optics Express},
year = {2017},
OPTkey = {•},
OPTvolume = {•},
OPTnumber = {•},
OPTpages = {•},
OPTmonth = {•},
OPTnote = {•},
OPTannote = {•}
}


@Article{YanesOC,
author = {Pablo Yanes-Thomas {,} Pablo Barberis-Blostein},
title = {Optomechanical Cooling with Time Dependent Parameters},
journal = {TBD},
year = {2017},
OPTkey = {•},
OPTvolume = {•},
OPTnumber = {•},
OPTpages = {•},
OPTmonth = {•},
OPTnote = {•},
OPTannote = {•}
}


@Article{ChanQM,
author = {Amir H. Safavi-Naeini {,} Jasper Chan},
title = {Observation of Quantum Motion of a Nanomechanical Resonator},
journal = {Physical Review Letters},
year = {2011},
OPTkey = {•},
volume = {108},
OPTnumber = {•},
OPTpages = {•},
OPTmonth = {•},
OPTnote = {•},
OPTannote = {•}
}


@Article{JockelMR,
author = {A. Jockel{,} M. T. Rakher},
title = {Realization of an Optomechanical Interface Between Ultracold Atoms and a Membrane},
journal = {Physical Review Letters},
year = {2011},
OPTkey = {•},
volume = {107},
OPTnumber = {•},
OPTpages = {•},
month = {November},
OPTnote = {•},
OPTannote = {•}
}


@Article{PaschottaFP,
author = {R. Paschotta},
title = {Fabry-Perot interferometers},
journal = {Encyclopedia of Laser Physics and Technology},
year = {2008},
OPTkey = {•},
OPTvolume = {•},
OPTnumber = {•},
OPTpages = {•},
month = {October},
OPTnote = {•},
OPTannote = {•}
}


@Article{FaveroCR,
author = {Ivan Favero{,} et al},
title = {Fluctuating nanomechanical system in a high
finesse optical microcavity},
journal = {Optics Express},
year = {2009},
OPTkey = {•},
OPTvolume = {•},
OPTnumber = {•},
OPTpages = {•},
OPTmonth = {•},
OPTnote = {•},
OPTannote = {•}
}


@Article{SankeyMC,
author = {J. C. Sankey{,} et al},
title = {Strong and tunable nonlinear optomechanical
coupling in a low-loss system},
journal = {Nature Physics},
year = {2010},
OPTkey = {•},
OPTvolume = {•},
OPTnumber = {•},
OPTpages = {•},
OPTmonth = {•},
OPTnote = {•},
OPTannote = {•}
}



@Article{VerhagenMOC,
author = {E. Verhagen{,} et al},
title = {Quantum-coherent coupling of a mechanical
oscillator to an optical cavity mode},
journal = {Nature},
year = {2012},
OPTkey = {•},
OPTvolume = {•},
OPTnumber = {•},
OPTpages = {•},
OPTmonth = {•},
OPTnote = {•},
OPTannote = {•}
}


@Article{VahalaOM,
author = {Kerry J. Vahala},
title = {Optical Microcavities},
journal = {Nature},
year = {2003},
OPTkey = {•},
OPTvolume = {•},
OPTnumber = {•},
OPTpages = {•},
OPTmonth = {•},
OPTnote = {•},
OPTannote = {•}
}


@Article{CorbittOC,
author = {Thomas Corbitt{,} Christopher Wipf{,} et al},
title = {Optical Dilution and Feedback Cooling of a Gram-Scale Oscillator to 6.9 mK},
journal = {Physical Review Letters},
year = {2007},
OPTkey = {•},
OPTvolume = {•},
OPTnumber = {•},
OPTpages = {•},
OPTmonth = {•},
OPTnote = {•},
OPTannote = {•}
}


@Article{CavesIF,
author = {Carlton M. Caves},
title = {Quantum-Mechanical Radiation-Pressure Fluctuations in an Interferometer},
journal = {Physical Review Letters},
year = {1980},
OPTkey = {•},
OPTvolume = {•},
OPTnumber = {•},
OPTpages = {•},
OPTmonth = {•},
OPTnote = {•},
OPTannote = {•}
}


@Article{AbramoviciLIGO,
author = {Alex Abramovici{,} William E. Althouse{,} et al},
title = {LIGO: The Laser Interferometer Gravitational-Wave Observatory},
journal = {Science},
year = {1992},
OPTkey = {•},
OPTvolume = {•},
OPTnumber = {•},
OPTpages = {•},
OPTmonth = {•},
OPTnote = {•},
OPTannote = {•}
}


@Article{KippenberCO,
author = {Thomas J. Kippenberg{,} Thomas Marquardt{,} Markus Aspelmeyer},
title = {Cavity Optomechanics},
journal = {Review of Modern Physics},
year = {2013},
OPTkey = {•},
OPTvolume = {•},
OPTnumber = {•},
OPTpages = {•},
OPTmonth = {•},
OPTnote = {•},
OPTannote = {•}
}


@Article{CochandonCM,
author = {P. F. Cochandon{,} A. Heidmann,M. Pinard},
title = {Cooling of a Mirror by Radiation Pressure},
journal = {Physical Review Letters},
year = {1999},
OPTkey = {•},
OPTvolume = {•},
OPTnumber = {•},
OPTpages = {•},
OPTmonth = {•},
OPTnote = {•},
OPTannote = {•}
}


@Article{MarquardtSC,
author = {Florian Marquardt{,} Joe P. Chen},
title = {Quantum Theory of Cavity-Assisted Sideband Cooling of Mechanical Motion},
journal = {Physical Review Letters},
year = {2007},
OPTkey = {•},
OPTvolume = {•},
OPTnumber = {•},
OPTpages = {•},
OPTmonth = {•},
OPTnote = {•},
OPTannote = {•}
}


@Article{SchliesserRPC,
author = {A. Schliesser{,} P. Del Haye{,} et al},
title = {Radiation Pressure Cooling of a Micromechanical Oscillator Using Dynamical Backaction},
journal = {Physical Review Letters},
year = {2006},
OPTkey = {•},
OPTvolume = {•},
OPTnumber = {•},
OPTpages = {•},
OPTmonth = {•},
OPTnote = {•},
OPTannote = {•}
}


@Article{LCNooshi,
author = {I Wilson-Rae{,} N. Nooshi{,} et al},
title = {Cavity-Assisted Back Action Cooling of Mechanical
Resonators},
journal = {New Journal of Physics},
year = {2008},
OPTkey = {•},
OPTvolume = {•},
OPTnumber = {•},
OPTpages = {•},
OPTmonth = {•},
OPTnote = {•},
OPTannote = {•}
}
@Article{BarberisLC,
author = {Marc Bienert{,} Pablo Barberis-Blostein},
title = {Optomechanical laser cooling with mechanical modulation},
journal = {Physical Review Letters A},
year = {2015},
OPTkey = {•},
OPTvolume = {•},
OPTnumber = {•},
OPTpages = {•},
OPTmonth = {•},
OPTnote = {•},
OPTannote = {•}
}


@Article{NooshiLC,
author = {I. Wilson-Rae{,} N. Nooshi},
title = {Theory of Ground State Cooling of a Mechanical Oscillator Using Dynamical Backaction},
journal = {Physical Review Letters},
year = {2007},
OPTkey = {•},
OPTvolume = {•},
OPTnumber = {•},
OPTpages = {•},
OPTmonth = {•},
OPTnote = {•},
OPTannote = {•}
}

@Article{ManciniQN,
author = {S. Mancini{,} P. Tombesi},
title = {Quantum noise reduction by radiation yressure},
journal = {Physical Review Letters, A},
year = {1994},
OPTkey = {•},
OPTvolume = {•},
OPTnumber = {•},
OPTpages = {•},
OPTmonth = {•},
OPTnote = {•},
OPTannote = {•}
}
@Book{CarmichaelQO,
author = {Howard Carmichael},
ALTeditor = {},
title = {Statistical Methods in Quantum Optics, Vol 1},
publisher = {Springer},
year = {1999},
OPTkey = {•},
OPTvolume = {•},
OPTnumber = {•},
OPTseries = {•},
OPTaddress = {•},
OPTedition = {•},
OPTmonth = {•},
OPTnote = {•},
OPTannote = {•}
}

@Book{BlumDM,
author = {Karl Blum},
ALTeditor = {•},
title = {Density Matrix Theory and Applications},
publisher = {Springer},
year = {2012},
OPTkey = {•},
OPTvolume = {•},
OPTnumber = {•},
OPTseries = {•},
OPTaddress = {•},
OPTedition = {•},
OPTmonth = {•},
OPTnote = {•},
OPTannote = {•}
}


@Article{BarnettSD,
author = {Stephen Barnett{,} Stig Stenholm},
title = {Spectral decomposition of the Lindblad operator},
journal = {Journal of Modern Optics},
year = {2000},
OPTkey = {•},
OPTvolume = {•},
OPTnumber = {•},
OPTpages = {•},
OPTmonth = {•},
OPTnote = {•},
OPTannote = {•}
}

@Article{BrownPT,
author = {Lowell S. Brown},
title = {Quantum Motion in a Paul Trap},
journal = {Physical Review Letters},
year = {1991},
OPTkey = {•},
OPTvolume = {•},
OPTnumber = {•},
OPTpages = {•},
OPTmonth = {•},
OPTnote = {•},
OPTannote = {•}
}



@Book{ArfkenMM,
author = {George B. Arfken},
OPTeditor = {•},
title = {Mathematical Methods for Physicists, Seventh Edition: A Comprehensive Guide },
publisher = {Academic Press},
year = {2013},
OPTkey = {•},
OPTvolume = {•},
OPTnumber = {•},
OPTseries = {•},
OPTaddress = {•},
OPTedition = {•},
OPTmonth = {•},
OPTnote = {•},
OPTannote = {•}
}


@Book{ZollerQN,
author = {Peter Zoller},
ALTeditor = {•},
title = {Quantum Noise:A Handbook of Markovian and Non-Markovian Quantum Stochastic Methods with Applications to Quantum Optics},
publisher = {Springer Science and Business Media},
year = {2004},
OPTkey = {•},
OPTvolume = {•},
OPTnumber = {•},
OPTseries = {•},
OPTaddress = {•},
OPTedition = {•},
OPTmonth = {•},
OPTnote = {•},
OPTannote = {•}
}

@Book{SakuraiQM,
author = {J. J. Sakurai{,} Jim Napolitano},
ALTeditor = {•},
title = {Modern Quantum Mechanics},
publisher = {Pearson},
year = {2013},
OPTkey = {•},
OPTvolume = {•},
OPTnumber = {•},
OPTseries = {•},
OPTaddress = {•},
OPTedition = {•},
OPTmonth = {•},
OPTnote = {•},
OPTannote = {•}
}

@Book{WardFT,
author = {M. Ward},
ALTeditor = {•},
title = {Supplement: Floquet Theory and the Mathieu's Equation },
OPTpublisher = {•},
OPTyear = {•},
OPTkey = {•},
OPTvolume = {•},
OPTnumber = {•},
OPTseries = {•},
OPTaddress = {•},
OPTedition = {•},
OPTmonth = {•},
OPTnote = {•},
OPTannote = {•}
}

@Article{EnglertDB,
author = {Hans-Jurgen Briegel{,} Berthold-Georg Englert},
title = {Quantum optical master equations: The use of damping bases},
journal = {PHYSICAL REVIEW A},
year = {1993},
OPTkey = {•},
OPTvolume = {•},
OPTnumber = {•},
OPTpages = {•},
OPTmonth = {•},
OPTnote = {•},
OPTannote = {•}
}

@Book{HanngiDQS,
author = {W.Domcke{,} P. H\"{a}nggi{,} D. Tannor},
editor = {•},
title = {Driven Quantum Systems},
publisher = {Special Issue: Chemical Physics, Vol. 217 },
year = {1997},
OPTkey = {•},
OPTvolume = {•},
OPTnumber = {•},
OPTseries = {•},
OPTaddress = {•},
OPTedition = {•},
OPTmonth = {•},
OPTnote = {•},
OPTannote = {•}
}

@Article{HanngiFM,
author = {Sigmund Kohler{,} Thomas Dittrich† {,} Peter H\"{a}nggi
},
title = {Floquet-Markov description of the parametrically driven,
dissipative harmonic quantum oscillator
},
journal = {Phys.Rev. E55},
year = {30 Sep 1998},
OPTkey = {•},
OPTvolume = {•},
OPTnumber = {•},
OPTpages = {•},
OPTmonth = {•},
OPTnote = {•},
OPTannote = {•}
}

